@Article{Poli2007,
	author="Poli, Riccardo
	and Kennedy, James
	and Blackwell, Tim",
	title="Particle swarm optimization",
	journal="Swarm Intelligence",
	year="2007",
	volume="1",
	number="1",
	pages="33--57",
	issn="1935-3820",
	doi="10.1007/s11721-007-0002-0",
	url="http://dx.doi.org/10.1007/s11721-007-0002-0"
}

@INPROCEEDINGS{Kennedy1995,
	author={J. Kennedy and R. Eberhart}, 
	booktitle={Proceedings, IEEE International Conference on Neural Networks}, 
	title={Particle swarm optimization}, 
	year={1995}, 
	volume={4}, 
	pages={1942-1948}, 
	doi={10.1109/ICNN.1995.488968}, 
}

@INPROCEEDINGS{Shi1998, 
	author={Y. Shi and R. Eberhart}, 
	booktitle={Proceedings, IEEE International Conference on Evolutionary Computation}, 
	title={A modified particle swarm optimizer}, 
	year={1998}, 
	pages={69-73}, 
	doi={10.1109/ICEC.1998.699146}, 
}

@ARTICLE{Clerc2002, 
	author={M. Clerc and J. Kennedy}, 
	journal={IEEE Transactions on Evolutionary Computation}, 
	title={The particle swarm - explosion, stability, and convergence in a multidimensional complex space}, 
	year={2002}, 
	volume={6}, 
	number={1}, 
	pages={58-73}, 
	doi={10.1109/4235.985692}, 
	ISSN={1089-778X}, 
}

@ARTICLE{Cockburn2001, 
	author={J. Highsmith and A. Cockburn}, 
	journal={Computer}, 
	title={Agile software development: the business of innovation}, 
	year={2001}, 
	volume={34}, 
	number={9}, 
	pages={120-127}, 
	doi={10.1109/2.947100}, 
	ISSN={0018-9162}, 
}

@book{Holland1975,
	title="Adaptation in natural and artificial systems: an introductory analysis with applications to biology, control, and artificial intelligence.",
	author="Holland, John H",
	year="1975",
	publisher="U Michigan Press"
}

@article{Cheng1996,
	title = "A tutorial survey of job-shop scheduling problems using genetic algorithms-I. representation",
	journal = {Computers \& Industrial Engineering},
	volume = "30",
	number = "4",
	pages = "983 - 997",
	year = "1996",
	note = "",
	issn = "0360-8352",
	doi = "http://dx.doi.org/10.1016/0360-8352(96)00047-2",
	url = "http://www.sciencedirect.com/science/article/pii/0360835296000472",
	author = "Runwei Cheng and Mitsuo Gen and Yasuhiro Tsujimura",
}

@Article{Potvin1996,
	author="Potvin, Jean-Yves",
	title="Genetic algorithms for the traveling salesman problem",
	journal="Annals of Operations Research",
	year="1996",
	volume="63",
	number="3",
	pages="337--370",o reported for both random and classical problems taken from the operations research literature.",
	issn="1572-9338",
	doi="10.1007/BF02125403",
	url="http://dx.doi.org/10.1007/BF02125403"
}

@ARTICLE{Srinivas1994, 
	author={M. Srinivas and L. M. Patnaik}, 
	journal={Computer}, 
	title={Genetic algorithms: a survey}, 
	year={1994}, 
	volume={27}, 
	number={6}, 
	pages={17-26}, 
	doi={10.1109/2.294849}, 
	ISSN={0018-9162}, 
}

@ARTICLE{Roth1994, 
	author={G. Roth and M. D. Levine}, 
	journal={IEEE Transactions on Pattern Analysis and Machine Intelligence}, 
	title={Geometric primitive extraction using a genetic algorithm}, 
	year={1994}, 
	volume={16}, 
	number={9}, 
	pages={901-905}, 
	doi={10.1109/34.310686}, 
	ISSN={0162-8828}, 
}

@article{Mendes2008,
	title = "A genetic algorithm for the resource constrained multi-project scheduling problem ",
	journal = "European Journal of Operational Research ",
	volume = "189",
	number = "3",
	pages = "1171 - 1190",
	year = "2008",
	note = "",
	issn = "0377-2217",
	doi = "http://dx.doi.org/10.1016/j.ejor.2006.06.074",
	url = "http://www.sciencedirect.com/science/article/pii/S0377221707005929",
	author = "J.F. Gon\c{c}alves and J.J.M. Mendes and M.G.C. Resende",
}

@article{Oh2005,
	title = "Using genetic algorithm to support portfolio optimization for index fund management ",
	journal = "Expert Systems with Applications ",
	volume = "28",
	number = "2",
	pages = "371 - 379",
	year = "2005",
	note = "",
	issn = "0957-4174",
	doi = "http://dx.doi.org/10.1016/j.eswa.2004.10.014",
	url = "http://www.sciencedirect.com/science/article/pii/S0957417404001356",
	author = "Kyong Joo Oh and Tae Yoon Kim and Sungky Min",
}

@article{Chang2011,
	title = "Using investment satisfaction capability index based particle swarm optimization to construct a stock portfolio ",
	journal = "Information Sciences ",
	volume = "181",
	number = "14",
	pages = "2989 - 2999",
	year = "2011",
	note = "",
	issn = "0020-0255",
	doi = "http://dx.doi.org/10.1016/j.ins.2010.05.008",
	url = "http://www.sciencedirect.com/science/article/pii/S0020025510002112",
	author = "Jui-Fang Chang and Peng Shi",
}

@article{Poli2008,
	 author = {Poli, Riccardo},
	 title = {Analysis of the Publications on the Applications of Particle Swarm Optimisation},
	 journal = {J. Artif. Evol. App.},
	 issue_date = {January 2008},
	 volume = {2008},
	 year = {2008},
	 issn = {1687-6229},
	 pages = {3:1--3:10},
	 articleno = {3},
	 numpages = {10},
	 url = {http://dx.doi.org/10.1155/2008/685175},
	 doi = {10.1155/2008/685175},
	 acmid = {1362105},
	 publisher = {Hindawi Publishing Corp.},
	 address = {New York, NY, United States},
}

@article{Dye2011,
	title = "A particle swarm optimization for solving joint pricing and lot-sizing problem with fluctuating demand and trade credit financing ",
	journal = "Computers \& Industrial Engineering ",
	volume = "60",
	number = "1",
	pages = "127 - 137",
	year = "2011",
	note = "",
	issn = "0360-8352",
	doi = "http://dx.doi.org/10.1016/j.cie.2010.10.010",
	url = "http://www.sciencedirect.com/science/article/pii/S0360835210002780",
	author = "Chung-Yuan Dye and Liang-Yuh Ouyang",
}

@INPROCEEDINGS{Engelbrecht2012, 
	author={A. Engelbrecht}, 
	booktitle={IEEE Congress on Evolutionary Computation}, 
	title={Particle swarm optimization: Velocity initialization}, 
	year={2012}, 
	pages={1-8}, 
	doi={10.1109/CEC.2012.6256112}, 
	ISSN={1089-778X}, 
}

@INPROCEEDINGS{Bratton2007, 
	author={D. Bratton and J. Kennedy}, 
	booktitle={IEEE Swarm Intelligence Symposium}, 
	title={Defining a Standard for Particle Swarm Optimization}, 
	year={2007}, 
	pages={120-127}, 
	doi={10.1109/SIS.2007.368035}, 
}

@phdthesis{DeJong1975,
    title    = {An analysis of the behavior of a class of genetic adaptive systems},
    school   = {University of Michigan},
    author   = {Kenneth Alan DeJong},
    year     = {1975}, %other attributes omitted
}

@article{Deb2000,
	title = "An efficient constraint handling method for genetic algorithms",
	journal = "Computer Methods in Applied Mechanics and Engineering",
	volume = "186",
	number = "2-4",
	pages = "311 - 338",
	year = "2000",
	issn = "0045-7825",
	doi = "http://dx.doi.org/10.1016/S0045-7825(99)00389-8",
	url = "http://www.sciencedirect.com/science/article/pii/S0045782599003898",
	author = "Kalyanmoy Deb",
}
